
@article{ARTIGAS20111968,
title = "Partitioning a graph into convex sets",
journal = "Discrete Mathematics",
volume = "311",
number = "17",
pages = "1968 - 1977",
year = "2011",
issn = "0012-365X",
doi = "https://doi.org/10.1016/j.disc.2011.05.023",
url = "http://www.sciencedirect.com/science/article/pii/S0012365X11002408",
author = "D. Artigas and S. Dantas and M.C. Dourado and J.L. Szwarcfiter",
keywords = "Chordal graphs, Cographs, Convex partition, Convexity, Powers of cycles",
abstract = {"Let G be a finite simple graph. Let S⊆V(G), its closed interval I[S] is the set of all vertices lying on shortest paths between any pair of vertices of S. The set S is convex if I[S]=S. In this work we define the concept of a convex partition of graphs. If there exists a partition of V(G) into p convex sets we say that G is p-convex. We prove that it is NP-complete to decide whether a graph G is p-convex for a fixed integer p≥2. We show that every connected chordal graph is p-convex, for 1≤p≤n. We also establish conditions on n and k to decide if the k-th power of a cycle Cn is p-convex. Finally, we develop a linear-time algorithm to decide if a cograph is p-convex."},
}

@Book{Z,
author = {John Michael Spivey},
ALTauthor = {•},
ALTeditor = {•},
title = {The Z Notation: A reference manual},
publisher = {Prentice Hall},
year = {1992},
OPTkey = {•},
OPTvolume = {•},
OPTnumber = {•},
OPTseries = {•},
OPTaddress = {•},
OPTedition = {2nd Edition},
OPTmonth = {•},
OPTnote = {Free Source :\url{https://spivey.oriel.ox.ac.uk/corner/Z_Reference_Manual} (besucht am: 3.1.2021},
OPTannote = {•},
}

@misc{grelier2019minimum,
    title={Minimum Convex Partition of Point Sets is NP-Hard},
    author={Nicolas Grelier},
    year={2019},
    eprint={1911.07697},
    archivePrefix={arXiv},
    primaryClass={cs.CG},
}

@Book{fourcrossfour,
author = {Eric Lengyel},
ISBN-13 = {978-1-4354-5886-4},
title = {Mathematics for 3D Game Programming and Computer Graphics},
publisher = {COURSE TECHNOLOGY CENGAGE Learning},
year = {2012},
}

@online{csgoprice,
  title = {Online-Listung von Preisgeldern im E-Sport auf www.esportsearnings.com},
  url = {https://www.esportsearnings.com/games/245-counter-strike-global-offensive},
  urldate = {2020-02-12},
}

@online{buyminecraft,
  title = {Online-Artikel im Gamepedia Minecraft Wiki über den Microsoft Kauf von Mojang},
  url = {https://minecraft-de.gamepedia.com/Microsoft-Mojang-Kauf},
  note = {Zuletzt aufgerufen: 2020-02-12},
}

@online{skyrimwallglitch,
  title = {Wall-Glitch in The Elder Scrolls V:Skyrim},
  url = {https://youtu.be/YpJB7aC2kg0?t=85},
  note = {alternativ: \url{https://youtu.be/9ywKvhznAE0?t=75};
		Zuletzt aufgerufen: 2020-02-12},
}

@online{floatdistribution,
  title = {Floating Point Numbers},
  author = {Moler, Cleve},
  date = {2014-07-07},
  url = {https://blogs.mathworks.com/cleve/2014/07/07/floating-point-numbers/},
  note = {Zuletzt aufgerufen: 2020-02-15},
}

@online{floatdistributionexample,
  title = {Coding Adventure: Solar System},
  author = {Lague, Sebastian},
  url = {https://youtu.be/7axImc1sxa0?t=640},
  date = {2020-04-17},
  urldate = {2020-08-25},
  note = {Zeitstempel 10:40}
}
	
@ARTICLE{gjk,
  author={E. G. {Gilbert} and D. W. {Johnson} and S. S. {Keerthi}},
  journal={IEEE Journal on Robotics and Automation}, 
  title={A fast procedure for computing the distance between complex objects in three-dimensional space}, 
  year={1988},
  volume={4},
  number={2},
  pages={193-203},
}
	
@online{gjk-casey,
  title = {Implementing GJK - 2006},
  author = {Casey Muratori},
  url = {https://caseymuratori.com/blog_0003},
  year = {2006},
  urldate = {2020-04-20},
  note = {Video: \url{https://www.youtube.com/watch?v=Qupqu1xe7Io}}
}

@online{gdc-physics,
  title = {Physics for Game Programmers; Continuous Collision},
  author = {Erin Catto},
  url = {https://gdcvault.com/play/1017644/Physics-for-Game-Programmers-Continuous},
  year = {2006},
  urldate = {2020-04-20},
  note = {alternativer Link zum Video: \url{https://www.youtube.com/watch?v=7_nKOET6zwI&t=3097s}}
}



@online{sfml,
  title = {Simple and Fast Multimedia Library},
  url = {https://www.sfml-dev.org/},
  urldate = {2021-05-09}
}

@online{tick,
  title = {Source Multiplayer Networking},
  author = {Valve},
  url = {https://developer.valvesoftware.com/wiki/Source_Multiplayer_Networking},
  urldate = {2021-01-04},
}

@article{Suri00,
author = {Suri, Neeraj and Hugue, Michelle and Walter, Chris},
year = {1994},
month = {01},
pages = {41-54},
title = {Synchronization Issues in Real-Time Systems},
volume = {82},
journal = {Proceedings of the IEEE},
doi = {10.1109/5.259425}
}

@INPROCEEDINGS{Cronin01adistributed,
    author = {Eric Cronin and Burton Filstrup and Anthony Kurc},
    title = {A Distributed Multiplayer Game Server System},
    booktitle = {University of Michigan},
    year = {2001},
    pages = {01}
}

@Book{gamenetworking00,
author = {Grenville Armitage, Mark Claypool, Philip Branch},
ISBN = {0-470-01857-7},
title = {Networking and Online Games: Understanding and Engineering Multiplayer Internet Games},
publisher = {John Wiley \& Sons , Ltd},
year = {2006},
}

@inproceedings{bernier2001latency,
  title={Latency compensating methods in client/server in-game protocol design and optimization},
  author={Bernier, Yahn W},
  booktitle={Game Developers Conference},
  volume={98033},
  number={425},
  year={2001}
}





